@book{2016_CertifiedReducedBasisMethodsParametrizedPDE_Hesthaven,
  author = {Hesthaven, Jan and Rozza, Gianluigi and Stamm, Benjamin},
  year   = {2016},
  month  = {01},
  pages  = {},
  title  = {{Certified Reduced Basis Methods for Parametrized Partial Differential Equations}},
  isbn   = {978-3-319-22470-1},
  doi    = {10.1007/978-3-319-22470-1}
}

@article{2015_efficientModelReductionParametrizedSystemsMatrixDeim_Negri,
  author  = {Negri, Federico and Manzoni, Andrea and Amsallem, David},
  year    = {2015},
  month   = {12},
  pages   = {431-454},
  title   = {{Efficient model reduction of parametrized systems by matrix discrete empirical interpolation}},
  volume  = {303},
  journal = {Journal of Computational Physics},
  doi     = {10.1016/j.jcp.2015.09.046}
}

@article{2010_nonlinearModelReductionDeim_chaturantabut,
  author  = {Chaturantabut, Saifon and Sorensen, Danny},
  year    = {2010},
  month   = {01},
  pages   = {2737-2764},
  title   = {{Nonlinear Model Reduction via Discrete Empirical Interpolation}},
  volume  = {32},
  journal = {SIAM J. Scientific Computing},
  doi     = {10.1137/090766498}
}

@article{1987_turbulenceDynamicsCoherentStructures_Sirovich,
  author  = {Sirovich, Lawrence},
  year    = {1987},
  month   = {10},
  pages   = {},
  title   = {{Turbulence and the dynamics of coherent structures. I - Coherent structures. II - Symmetries and transformations. III - Dynamics and scaling}},
  volume  = {45},
  journal = {Quarterly of Applied Mathematics - QUART APPL MATH},
  doi     = {10.1090/qam/910463}
}

@inproceedings{2018_podDeimReducedOrderModelDeformingMeshAeroelasticApplications_Donfrancesco,
  author = {Donfrancesco, Fabrizio and Placzek, Antoine and Chassaing, Jean-Camille},
  year   = {2018},
  month  = {06},
  pages  = {},
  title  = {{A POD-DEIM Reduced Order Model with Deforming Mesh for Aeroelastic Applications}}
}

@article{2003_podBasedReducedOrderModelsWithDeformingGrids_anttonen,
  author  = {Anttonen, J.S.R. and King, Paul and Beran, P.S.},
  year    = {2003},
  month   = {07},
  pages   = {41-62},
  title   = {{POD-Based reduced-order models with deforming grids}},
  volume  = {38},
  journal = {Mathematical and Computer Modelling},
  doi     = {10.1016/S0895-7177(03)90005-7}
}

@article{2005_aPosterioriErrorBoundsReducedBasisApproximationsParametrizedParabolicPde_Grepl,
  author   = {Grepl, Martin A. and Patera, Anthony T.},
  title    = {{A posteriori error bounds for reduced-basis approximations of parametrized parabolic partial differential equations}},
  journal  = {ESAIM: Mathematical Modelling and Numerical Analysis - Mod\'elisation Math\'ematique et Analyse Num\'erique},
  volume   = {39},
  year     = {2005},
  pages    = {157-181},
  doi      = {10.1051/m2an:2005006},
  mrnumber = {2136204},
  zbl      = {1079.65096},
  language = {en},
  url      = {http://dml.mathdoc.fr/item/M2AN_2005__39_1_157_0}
}

@article{2009_reducedBasisMethodsAPosterioriErrorEstimatorsHeatTransferProblems_Rozza,
author = {Rozza, Gianluigi and Cuong, Nguyen and Patera, Anthony and Deparis, Simone},
year = {2009},
month = {01},
pages = {},
title = {{Reduced Basis Methods and A Posteriori Error Estimators for Heat Transfer Problems}},
volume = {2},
journal = {Proceedings of HT2009, 2009 ASME Summer Heat Transfer Conference, S. Francisco, USA},
doi = {10.1115/HT2009-88211}
}

@article{2007_ReducedOrderModelingTimeDependentPDEsMultipleParametersBoundaryData_gunzburger,
author = {Gunzburger, Max and Peterson, Janet and Shadid, J.},
year = {2007},
month = {01},
pages = {1030-1047},
title = {{Reduced-order modeling of time-dependent PDEs with multiple parameters in the boundary data}},
volume = {196},
journal = {Computer Methods in Applied Mechanics and Engineering},
doi = {10.1016/j.cma.2006.08.004}
}