%% This BibTeX bibliography file was created using BibDesk.
%% http://bibdesk.sourceforge.net/

%% Created for Enrique Mill√°n Valbuena at 2020-03-07 12:58:08 +0100 


%% Saved with string encoding Unicode (UTF-8) 



@book{low_speed_aerodyamics,
	Author = {JOSEPH Katz and ALLEN Plotkin},
	Date-Added = {2020-03-07 12:56:04 +0100},
	Date-Modified = {2020-03-07 12:57:40 +0100},
	Edition = {Second},
	Publisher = {Cambridge University Press},
	Title = {Low Speed Aerodynamics},
	Year = {2001}}

@book{foundations_aerodynamics,
	Author = {Arnold M. Kuethe and Chuen Yen Chow},
	Date-Added = {2020-03-07 12:53:19 +0100},
	Date-Modified = {2020-03-07 12:55:42 +0100},
	Publisher = {John Wiley},
	Read = {1},
	Title = {Foundations of Aerodynamics},
	Year = {1998}}
