%% This BibTeX bibliography file was created using BibDesk.
%% http://bibdesk.sourceforge.net/

%% Created for Enrique Mill√°n Valbuena at 2020-03-07 12:58:08 +0100 


%% Saved with string encoding Unicode (UTF-8) 
